@misc{eurostat,
  title = {Early school leavers},
  howpublished = {\url{http://epp.eurostat.ec.europa.eu/}},
  note = {Accessed: 2021-10-28},
  date = {2007}
}

@misc{data_mining,
  title = {Using data mining to predict secondary school student performance},
  howpublished = {\url{http://www3.dsi.uminho.pt/pcortez/student.pdf}},
  author = {Cortez, P., & Silva, A. M. G.},
  note = {Accessed: 2021-10-20},
  date = {2008}
}

@misc{dummy_r,
  title = {Regression with Categorical Variables: Dummy Coding Essentials in R 
},
  howpublished = {\url{http://www.sthda.com/english/articles/40-regression-analysis/163-regression-with-categorical-variables-dummy-coding-essentials-in-r/}},
  author = {Kassambara, A},
  note = {Accessed: 2021-10-22},
  date = {2018}
}

@misc{beginners_guide,
  title = {Beginners guide to Highchart visual in R},
  howpublished = {\url{https://www.kaggle.com/nulldata/beginners-guide-to-highchart-visual-in-r/script}},
  author = {Kaggle},
  note = {Accessed: 2021-10-22},
  date = {2017}
}
